@article{CMSHiggsDiscovery,
      title         = "{Observation of a new boson at a mass of 125 GeV with the
                       CMS experiment at the LHC}",
      journal       = "Phys. Lett. B",
      collaboration = "CMS",
      number        = "arXiv:1207.7235. CMS-HIG-12-028. CERN-PH-EP-2012-220",
      volume        = "716",
      pages         = "30-61. 59 p",
      month         = "Jul",
      year          = "2012",
      reportNumber  = "arXiv:1207.7235",
      url           = "http://cds.cern.ch/record/1471016",
}


@article{ATLASHiggsDiscovery,
      title          = "{Observation of a new particle in the search for the
                        Standard Model Higgs boson with the ATLAS detector at the
                        LHC}",
      collaboration  = "ATLAS",
      journal        = "Phys.Lett.",
      volume         = "B716",
      pages          = "1-29",
      doi            = "10.1016/j.physletb.2012.08.020",
      year           = "2012",
      eprint         = "1207.7214",
      archivePrefix  = "arXiv",
      primaryClass   = "hep-ex",
      reportNumber   = "CERN-PH-EP-2012-218",
      SLACcitation   = "%%CITATION = ARXIV:1207.7214;%%",
}

@article{Higgs1_higgsMechanism,
	title = {Broken symmetries, massless particles and gauge fields},
	journal = {Physics Letters},
	volume = {12},
	number = {2},
	pages = {132--133},
	year = {1964},
	issn = {0031-9163},
	doi = {10.1016/0031-9163(64)91136-9},
	author = {P.W. Higgs}
}

@article{Higgs2_higgsMechanism,
	title = {Broken Symmetries and the Masses of Gauge Bosons},
	author = {Higgs, Peter W.},
	journal = {Phys. Rev. Lett.},
	volume = {13},
	number = {16},
	pages = {508--509},
	numpages = {1},
	year = {1964},
	month = {10},
	doi = {10.1103/PhysRevLett.13.508},
	publisher = {American Physical Society}
}

@article{Weinberg_EWK,
	volume = {19},
	journal = {Phys. Rev. Lett.},
	author = {Weinberg, Steven},
	month = {11},
	doi = {10.1103/PhysRevLett.19.1264},
	year = {1967},
	title = {A Model of Leptons},
	issue = {21},
	publisher = {American Physical Society},
	pages = {1264--1266}
}

@article{Glashow_EWK,
	title ={Partial-symmetries of weak interactions},
	journal = {Nuclear Physics},
	volume = {22},
	number = {4},
	pages = {579 - 588},
	year = {1961},
	issn = {0029-5582},
	doi = {10.1016/0029-5582(61)90469-2},
	author = {Sheldon L. Glashow},
}

@article{Salam_EWK,
	author         = {Salam, Abdus},
	title          = {Weak and Electromagnetic Interactions},
	journal        = {Conf.Proc.},
	volume         = {C680519},
	pages          = {367-377},
	year           = {1968},
	SLACcitation   = "%%CITATION = CONFP,C680519,367;%%",
	url            = http://inspirehep.net/record/53083
}

@article{NNPDF23,
      author         = "Ball, Richard D. and others",
      title          = "{Parton distributions with LHC data}",
      journal        = "Nucl. Phys.",
      volume         = "B867",
      year           = "2013",
      pages          = "244-289",
      doi            = "10.1016/j.nuclphysb.2012.10.003",
      eprint         = "1207.1303",
      archivePrefix  = "arXiv",
      primaryClass   = "hep-ph",
      reportNumber   = "EDINBURGH-2012-08, IFUM-FT-997, FR-PHENO-2012-014,
                        RWTH-TTK-12-25, CERN-PH-TH-2012-037, SFB-CPP-12-47\,
                        --CERN-PH-TH-2012-037",
      SLACcitation   = "%%CITATION = ARXIV:1207.1303;%%"
}

@article{THOOFT1972189,
title = "Regularization and renormalization of gauge fields",
journal = "Nuclear Physics B",
volume = "44",
number = "1",
pages = "189 - 213",
year = "1972",
issn = "0550-3213",
doi = "https://doi.org/10.1016/0550-3213(72)90279-9",
url = "http://www.sciencedirect.com/science/article/pii/0550321372902799",
author = "G. 't Hooft and M. Veltman"
}

@article{yellow_report_1,
      author         = "{LHC Higgs Cross Section Working Group} and Dittmaier, S. and Mariotti, C. and Passarino, G. and Tanaka (Eds.), R.",
      title         = "{Handbook of LHC Higgs Cross Sections: 1. Inclusive Observables}",
      journal         = "CERN-2011-002",
      year         = "CERN, Geneva, 2011",
      eprint         = "1101.0593",
      archivePrefix   = "arXiv",
      primaryClass   = "hep-ph",
      SLACcitation   = "%%CITATION = ARXIV:1101.0593;%%",
}

@article{yellow_report_2,
      author         = "{LHC Higgs Cross Section Working Group} and Dittmaier, S. and Mariotti, C. and Passarino, G. and Tanaka (Eds.), R.",
      title         = "{Handbook of LHC Higgs Cross Sections: 2. Differential Distributions}",
      journal         = "CERN-2012-002",
      year         = "CERN, Geneva, 2012",
      eprint         = "1201.3084",
      archivePrefix   = "arXiv",
      primaryClass   = "hep-ph",
      SLACcitation   = "%%CITATION = ARXIV:1201.3084;%%",
}

@article{yellow_report_3,
      author         = "{LHC Higgs Cross Section Working Group} and Heinemeyer, S. and Mariotti, C. and Passarino, G. and Tanaka (Eds.), R.",
      title         = "{Handbook of LHC Higgs Cross Sections: 3. Higgs Properties}",
      journal         = "CERN-2013-004",
      year         = "CERN, Geneva, 2013",
      eprint         = "1307.1347",
      archivePrefix   = "arXiv",
      primaryClass   = "hep-ph",
      SLACcitation   = "%%CITATION = ARXIV:1307.1347;%%",
}

@article{HiggsDiscovery_CMS,
      title         = "{Observation of a new boson at a mass of 125 GeV with the
                       CMS experiment at the LHC}",
      journal       = "Phys. Lett. B",
      collaboration = "CMS",
      number        = "arXiv:1207.7235. CMS-HIG-12-028. CERN-PH-EP-2012-220",
      volume        = "716",
      pages         = "30-61. 59 p",
      month         = "Jul",
      year          = "2012",
      reportNumber  = "arXiv:1207.7235",
      url           = "http://cds.cern.ch/record/1471016",
}

@article{HiggsDiscovery_ATLAS,
      title          = "{Observation of a new particle in the search for the
                        Standard Model Higgs boson with the ATLAS detector at the
                        LHC}",
      collaboration  = "ATLAS",
      journal        = "Phys.Lett.",
      volume         = "B716",
      pages          = "1-29",
      doi            = "10.1016/j.physletb.2012.08.020",
      year           = "2012",
      eprint         = "1207.7214",
      archivePrefix  = "arXiv",
      primaryClass   = "hep-ex",
      reportNumber   = "CERN-PH-EP-2012-218",
      SLACcitation   = "%%CITATION = ARXIV:1207.7214;%%",
}

@misc{HiggsReDiscovery_CMS,
      title         = "{Measurements of properties of the Higgs boson in the four-lepton final state at a center-of-mass energy of 13 TeV}",
      collaboration = "CMS",
      number        = "HIG-18-001",
      year          = "2018",
      note          = "Currently @ pre-approval. Not public yet!"
}

@article{HiggsReDiscovery_ATLAS,
      title="Measurement of inclusive and differential cross sections in the H to ZZ to 4l decay channel in pp collisions at a center-of-mass energy of 13 TeV with the ATLAS detector",
      journal="Journal of High Energy Physics",
      year="2017",
      month="Oct",
      day="19",
      volume="2017",
      number="10",
      pages="132",
      issn="1029-8479",
      doi="10.1007/JHEP10(2017)132",
      url="https://doi.org/10.1007/JHEP10(2017)132"
}

@techreport{HTT_discovery,
      title         = "{Observation of the SM scalar boson decaying to a pair of
                       $\tau$ leptons with the CMS experiment at the LHC}",
      institution   = "CERN",
      collaboration = "CMS Collaboration",
      address       = "Geneva",
      number        = "CMS-PAS-HIG-16-043",
      year          = "2017",
      reportNumber  = "CMS-PAS-HIG-16-043",
      url           = "https://cds.cern.ch/record/2264522",
}

@misc{HiggsMass,
      author        = "Roger Wolf and Andrew Gilbert",
      year          = "2014",
      note          = "http://ekpwww.physik.uni-karlsruhe.de/~rwolf/teaching/ss16/Higgs-VL-14-HiggsCouplings.pdf",
      url           = "http://ekpwww.physik.uni-karlsruhe.de/~rwolf/teaching/ss16/Higgs-VL-14-HiggsCouplings.pdf"
}

@misc{HL-LHC,
      year          = "2015",
      note          = "HL-LHC: http://francis.naukas.com/2015/06/02/primera-semana-de-haces-estables-y-colisiones-de-protones-en-el-lhc/",
      url           = "http://francis.naukas.com/2015/06/02/primera-semana-de-haces-estables-y-colisiones-de-protones-en-el-lhc/"
}
